@article{two-kNN-predicates,
  author    = {Ahmed M. Aly and
               Walid G. Aref and
               Mourad Ouzzani},
  title     = {Spatial Queries with Two kNN Predicates},
  journal   = {CoRR},
  volume    = {abs/1208.0074},
  year      = {2012},
  url       = {http://arxiv.org/abs/1208.0074},
}
